@article{asgari2013survey,
  title   = {A survey on human mobility and its applications},
  author  = {Asgari, Fereshteh and Gauthier, Vincent and Becker, Monique},
  journal = {arXiv preprint arXiv:1307.0814},
  year    = {2013}
}

@article{gong2012gps,
  title     = {A GPS/GIS method for travel mode detection in New York City},
  author    = {Gong, Hongmian and Chen, Cynthia and Bialostozky, Evan and Lawson, Catherine T},
  journal   = {Computers, environment and urban systems},
  volume    = {36},
  number    = {2},
  pages     = {131--139},
  year      = {2012},
  publisher = {Elsevier}
}

@article{toole2015path,
  title     = {The path most traveled: Travel demand estimation using big data resources},
  author    = {Toole, Jameson L and Colak, Serdar and Sturt, Bradley and Alexander, Lauren P and Evsukoff, Alexandre and Gonz{\'a}lez, Marta C},
  journal   = {Transportation Research Part C: Emerging Technologies},
  volume    = {58},
  pages     = {162--177},
  year      = {2015},
  publisher = {Elsevier}
}

@book{ITU2024,
  title        = {Measuring Digital Development: Facts and Figures 2024},
  author       = {{International Telecommunication Union}},
  year         = {2024},
  publisher    = {ITU Publications},
  address      = {Geneva, Switzerland},
  organization = {International Telecommunication Union, Development Sector}
}

@article{doyle2014population,
  title     = {Population mobility dynamics estimated from mobile telephony data},
  author    = {Doyle, John and Hung, Peter and Farrell, Ronan and McLoone, Se{\'a}n},
  journal   = {Journal of Urban Technology},
  volume    = {21},
  number    = {2},
  pages     = {109--132},
  year      = {2014},
  publisher = {Taylor \& Francis}
}

@article{huang2019transport,
  title     = {Transport mode detection based on mobile phone network data: A systematic review},
  author    = {Huang, Haosheng and Cheng, Yi and Weibel, Robert},
  journal   = {Transportation Research Part C: Emerging Technologies},
  volume    = {101},
  pages     = {297--312},
  year      = {2019},
  publisher = {Elsevier}
}

@article{sharma2012cell,
  title     = {Cell coverage area and link budget calculations in GSM system},
  author    = {Sharma, Purnima K and Singh, RK},
  journal   = {International Journal of Modern Engineering Research (IJMER)},
  volume    = {2},
  number    = {2},
  pages     = {170--176},
  year      = {2012},
  publisher = {Citeseer}
}

@book{yuan2013characterizing,
  title     = {Characterizing human mobility from mobile phone usage},
  author    = {Yuan, Yihong},
  year      = {2013},
  publisher = {University of California, Santa Barbara}
}

@phdthesis{durive2021sistema,
  title  = {Sistema para el an{\'a}lisis de la movilidad poblacional mediante datos de telefon{\'\i}a m{\'o}vil en Cuba},
  author = {Durive, Orlando Eduardo Mart{\'\i}nez},
  year   = {2021},
  school = {Universidad de La Habana}
}

@misc{gutierrez2020como,
  title        = {C{\'o}mo aplicar Big Data en la planificaci{\'o}n del transporte: El uso de datos de GPS en el an{\'a}lisis de la movilidad urbana},
  author       = {Guti{\'e}rrez Puebla, Javier and Ben{\'\i}tez, Carolina and Garc{\'\i}a Palomares, Juan Carlos and Romanillos Arroyo, Gustavo and Rubinstein da Silva, El{\'\i}as and Lea{\~n}o, Juan Manuel and Ribeiro, Karisa Maia and Scholl, Lynn and Moya G{\'o}mez, Borja and Conde{\c{c}}o Melhorado, Ana Margarida},
  year         = {2020},
  howpublished = {Banco Interamericano de Desarrollo (BID)},
  note         = {Technical Report}
}

@article{forghani2020cellular,
  title     = {From cellular positioning data to trajectories: Steps towards a more accurate mobility exploration},
  author    = {Forghani, Mohammad and Karimipour, Farid and Claramunt, Christophe},
  journal   = {Transportation Research Part C: Emerging Technologies},
  volume    = {117},
  pages     = {102666},
  year      = {2020},
  publisher = {Elsevier}
}

@phdthesis{chen2018individual,
  title  = {Individual trajectory reconstruction from mobile network data},
  author = {Chen, Guangshuo and Viana, Aline Carneiro and Fiore, Marco C and Sarraute, Carlos},
  year   = {2018},
  school = {INRIA Saclay-Ile-de-France}
}

@article{tesselkin2017estimation,
  title     = {Estimation of origin-destination matrices based on Markov chains},
  author    = {Tesselkin, Alexandr and Khabarov, Valeriy},
  journal   = {Procedia Engineering},
  volume    = {178},
  pages     = {107--116},
  year      = {2017},
  publisher = {Elsevier}
}

@inproceedings{pourmoradnasseri2019od,
  title        = {OD-matrix extraction based on trajectory reconstruction from mobile data},
  author       = {Pourmoradnasseri, Mozhgan and Khoshkhah, Kaveh and Lind, Artjom and Hadachi, Amnir},
  booktitle    = {2019 International Conference on Wireless and Mobile Computing, Networking and Communications (WiMob)},
  pages        = {1--8},
  year         = {2019},
  organization = {IEEE}
}

@article{si2023trajbert,
  title     = {Trajbert: Bert-based trajectory recovery with spatial-temporal refinement for implicit sparse trajectories},
  author    = {Si, Junjun and Yang, Jin and Xiang, Yang and Wang, Hanqiu and Li, Li and Zhang, Rongqing and Tu, Bo and Chen, Xiangqun},
  journal   = {IEEE Transactions on Mobile Computing},
  year      = {2023},
  publisher = {IEEE}
}

@article{vaswani2017attention,
  title   = {Attention is all you need},
  author  = {Vaswani, A},
  journal = {Advances in Neural Information Processing Systems},
  year    = {2017}
}

@misc{cuervo2022resolucion,
  author = {José Cuervo},
  title  = {Resolución 58/2022, de 19 de agosto de 2022},
  year   = {2022},
  url    = {https://www.informatica-juridica.com/resolucion/resolucion-58-2022-de-19-de-agosto-de-2022/},
  note   = {Informática Jurídica}
}

@article{hoteit2014estimating,
  title     = {Estimating human trajectories and hotspots through mobile phone data},
  author    = {Hoteit, Sahar and Secci, Stefano and Sobolevsky, Stanislav and Ratti, Carlo and Pujolle, Guy},
  journal   = {Computer Networks},
  volume    = {64},
  pages     = {296--307},
  year      = {2014},
  publisher = {Elsevier}
}

@article{st2014reconstructing,
  title   = {Reconstructing trajectories from sparse call detail records},
  author  = {St, Vanemuise},
  journal = {Dept. Geography, Univ. Zurich, Z{\"u}rich, Switzerland},
  year    = {2014}
}

@article{vajakas2015trajectory,
  title     = {Trajectory reconstruction from mobile positioning data using cell-to-cell travel time information},
  author    = {Vajakas, Toivo and Vajakas, Jaan and Lillemets, Rauni},
  journal   = {International Journal of Geographical Information Science},
  volume    = {29},
  number    = {11},
  pages     = {1941--1954},
  year      = {2015},
  publisher = {Taylor \& Francis}
}

@article{chen2019complete,
  title     = {Complete trajectory reconstruction from sparse mobile phone data},
  author    = {Chen, Guangshuo and Viana, Aline Carneiro and Fiore, Marco and Sarraute, Carlos},
  journal   = {EPJ Data Science},
  volume    = {8},
  number    = {1},
  pages     = {1--24},
  year      = {2019},
  publisher = {SpringerOpen}
}

@article{derrmann2019road,
  title     = {How road and mobile networks correlate: Estimating urban traffic using handovers},
  author    = {Derrmann, Thierry and Frank, Rapha{\"e}l and Viti, Francesco and Engel, Thomas},
  journal   = {IEEE Transactions on Intelligent Transportation Systems},
  volume    = {21},
  number    = {2},
  pages     = {521--530},
  year      = {2019},
  publisher = {IEEE}
}

@article{zhaograph,
  title       = {A Graph-based Representation Framework for Trajectory Recovery via Spatiotemporal Interval-Informed Seq2Seq},
  author      = {Zhao, Yaya and Zhao, Kaiqi and Chen, Zhiqian and Zhang, Yuanyuan and Du, Yalei and Lu, Xiaoling},
  journal     = {Preprint},
  year        = {2023},
  institution = {Center for Applied Statistics, School of Statistics, Renmin University of China; The University of Auckland; Mississippi State University; Beijing Baixingkefu Network Technology Co., Ltd.},
  email       = {zhaoyaya@ruc.edu.cn, xiaolinglu@ruc.edu.cn, kaiqi.zhao@auckland.ac.nz, zchen@cse.msstate.edu, zhang.huanzhiyuan@gmail.com, yaleidu@163.com}
}

@article{partsinevelos2005reconstructing,
  title     = {Reconstructing spatiotemporal trajectories from sparse data},
  author    = {Partsinevelos, Panayotis and Agouris, Peggy and Stefanidis, Anthony},
  journal   = {ISPRS journal of photogrammetry and remote sensing},
  volume    = {60},
  number    = {1},
  pages     = {3--16},
  year      = {2005},
  publisher = {Elsevier}
}

@inproceedings{zhang2019prnet,
  title     = {Prnet: Outdoor position recovery for heterogenous telco data by deep neural network},
  author    = {Zhang, Yige and Rao, Weixiong and Zhang, Kun and Yuan, Mingxuan and Zeng, Jia},
  booktitle = {Proceedings of the 28th ACM International Conference on Information and Knowledge Management},
  pages     = {1933--1942},
  year      = {2019}
}

@article{zheng2014urban,
  title     = {Urban computing: concepts, methodologies, and applications},
  author    = {Zheng, Yu and Capra, Licia and Wolfson, Ouri and Yang, Hai},
  journal   = {ACM Transactions on Intelligent Systems and Technology (TIST)},
  volume    = {5},
  number    = {3},
  pages     = {1--55},
  year      = {2014},
  publisher = {ACM New York, NY, USA}
}

@article{bengio2000neural,
  title   = {A neural probabilistic language model},
  author  = {Bengio, Yoshua and Ducharme, R{\'e}jean and Vincent, Pascal},
  journal = {Advances in neural information processing systems},
  volume  = {13},
  year    = {2000}
}

@article{mikolov2013efficient,
  title   = {Efficient estimation of word representations in vector space},
  author  = {Mikolov, Tomas},
  journal = {arXiv preprint arXiv:1301.3781},
  volume  = {3781},
  year    = {2013}
}

@inproceedings{pennington2014glove,
  title     = {Glove: Global vectors for word representation},
  author    = {Pennington, Jeffrey and Socher, Richard and Manning, Christopher D},
  booktitle = {Proceedings of the 2014 conference on empirical methods in natural language processing (EMNLP)},
  pages     = {1532--1543},
  year      = {2014}
}

@article{krizhevsky2012imagenet,
  title   = {Imagenet classification with deep convolutional neural networks},
  author  = {Krizhevsky, Alex and Sutskever, Ilya and Hinton, Geoffrey E},
  journal = {Advances in neural information processing systems},
  volume  = {25},
  year    = {2012}
}

@inproceedings{grover2016node2vec,
  title     = {node2vec: Scalable feature learning for networks},
  author    = {Grover, Aditya and Leskovec, Jure},
  booktitle = {Proceedings of the 22nd ACM SIGKDD international conference on Knowledge discovery and data mining},
  pages     = {855--864},
  year      = {2016}
}

@article{devlin2018bert,
  title   = {Bert: Pre-training of deep bidirectional transformers for language understanding},
  author  = {Devlin, Jacob},
  journal = {arXiv preprint arXiv:1810.04805},
  year    = {2018}
}

@article{bahdanau2014neural,
  title   = {Neural machine translation by jointly learning to align and translate},
  author  = {Bahdanau, Dzmitry},
  journal = {arXiv preprint arXiv:1409.0473},
  year    = {2014}
}

@book{breiman2017classification,
  title     = {Classification and regression trees},
  author    = {Breiman, Leo},
  year      = {2017},
  publisher = {Routledge}
}

@article{cortes1995support,
  title   = {Support-Vector Networks},
  author  = {Cortes, Corinna},
  journal = {Machine Learning},
  year    = {1995}
}

@article{cover1967nearest,
  title     = {Nearest neighbor pattern classification},
  author    = {Cover, Thomas and Hart, Peter},
  journal   = {IEEE transactions on information theory},
  volume    = {13},
  number    = {1},
  pages     = {21--27},
  year      = {1967},
  publisher = {IEEE}
}

@article{john2013estimating,
  title   = {Estimating continuous distributions in Bayesian classifiers},
  author  = {John, George H and Langley, Pat},
  journal = {arXiv preprint arXiv:1302.4964},
  year    = {2013}
}

@book{chollet2021deep,
  title     = {Deep learning with Python},
  author    = {Chollet, Francois and Chollet, Fran{\c{c}}ois},
  year      = {2021},
  publisher = {simon and schuster}
}

@article{yabe2024yjmob100k,
  title     = {YJMob100K: City-scale and longitudinal dataset of anonymized human mobility trajectories},
  author    = {Yabe, Takahiro and Tsubouchi, Kota and Shimizu, Toru and Sekimoto, Yoshihide and Sezaki, Kaoru and Moro, Esteban and Pentland, Alex},
  journal   = {Scientific Data},
  volume    = {11},
  number    = {1},
  pages     = {397},
  year      = {2024},
  publisher = {Nature Publishing Group UK London}
}

@inproceedings{shimizu2022geo,
  title     = {GEO-BLEU: similarity measure for geospatial sequences},
  author    = {Shimizu, Toru and Tsubouchi, Kota and Yabe, Takahiro},
  booktitle = {Proceedings of the 30th International Conference on Advances in Geographic Information Systems},
  pages     = {1--4},
  year      = {2022}
}

@article{muller2007dynamic,
  title     = {Dynamic time warping},
  author    = {M{\"u}ller, Meinard},
  journal   = {Information retrieval for music and motion},
  pages     = {69--84},
  year      = {2007},
  publisher = {Springer}
}

@incollection{garciaborroto2021,
  author    = {Milton García-Borroto and Orlando Martínez-Durive and Eduardo Sánchez and Humberto Díaz and Alejandro Lage-Castellanos},
  title     = {Intra-day Population Fluxes from Mobile Phone Data in Havana, Cuba},
  booktitle = {Progress in Artificial Intelligence and Pattern Recognition},
  editor    = {Yanio Hernández Heredia and Vladimir Milian Núñez and José Ruiz Shulcloper},
  series    = {Lecture Notes in Computer Science},
  pages     = {383--392},
  publisher = {Springer International Publishing},
  address   = {Cham},
  year      = {2021}
}

@article{lee2023gelu,
  title   = {Gelu activation function in deep learning: a comprehensive mathematical analysis and performance},
  author  = {Lee, Minhyeok},
  journal = {arXiv preprint arXiv:2305.12073},
  year    = {2023}
}

@misc{humob2023,
  author       = {Takahiro Yabe and Kota Tsubouchi and Toru Shimizu and Yoshihide Sekimoto and Kaoru Sezaki and Esteban Moro and Alex Pentland},
  title        = {HuMob Challenge 2023},
  year         = {2023},
  howpublished = {Organized by MIT, Yahoo Japan Corporation, and University of Tokyo},
  url          = {https://connection.mit.edu/humob-challenge-2023/},
  note         = {Último acceso: 30 de enero de 2025}
}

@misc{trajebert_repo,
  author       = {TrajResearch},
  title        = {TrajBERT},
  year         = {2023},
  howpublished = {GitHub repository},
  url          = {https://github.com/TrajResearch/TrajBERT},
  note         = {Último acceso: 7 de enero de 2025}
}

@mastersthesis{rodriguez2022movilidad,
  author  = {Andy Rodríguez Lorenzo},
  title   = {Modelos de movilidad poblacional basados en datos de telefonía móvil},
  school  = {Facultad de Física, Centro de Sistemas Complejos},
  year    = {2022},
  type    = {Tesis de Maestría},
  advisor = {Alejandro Lage Castellanos}
}

@article{van2014renyi,
  title     = {R{\'e}nyi divergence and Kullback-Leibler divergence},
  author    = {Van Erven, Tim and Harremos, Peter},
  journal   = {IEEE Transactions on Information Theory},
  volume    = {60},
  number    = {7},
  pages     = {3797--3820},
  year      = {2014},
  publisher = {IEEE}
}

@article{mcculloch1943logical,
  title     = {A logical calculus of the ideas immanent in nervous activity},
  author    = {McCulloch, Warren S and Pitts, Walter},
  journal   = {The bulletin of mathematical biophysics},
  volume    = {5},
  pages     = {115--133},
  year      = {1943},
  publisher = {Springer}
}

@article{hornik1989multilayer,
  title     = {Multilayer feedforward networks are universal approximators},
  author    = {Hornik, Kurt and Stinchcombe, Maxwell and White, Halbert},
  journal   = {Neural networks},
  volume    = {2},
  number    = {5},
  pages     = {359--366},
  year      = {1989},
  publisher = {Elsevier}
}

@article{lecun1998gradient,
  title     = {Gradient-based learning applied to document recognition},
  author    = {LeCun, Yann and Bottou, L{\'e}on and Bengio, Yoshua and Haffner, Patrick},
  journal   = {Proceedings of the IEEE},
  volume    = {86},
  number    = {11},
  pages     = {2278--2324},
  year      = {1998},
  publisher = {Ieee}
}

@article{elman1990finding,
  title     = {Finding structure in time},
  author    = {Elman, Jeffrey L},
  journal   = {Cognitive science},
  volume    = {14},
  number    = {2},
  pages     = {179--211},
  year      = {1990},
  publisher = {Wiley Online Library}
}

@article{hochreiter1991untersuchungen,
  title   = {Untersuchungen zu dynamischen neuronalen Netzen},
  author  = {Hochreiter, Sepp},
  journal = {Diploma, Technische Universit{\"a}t M{\"u}nchen},
  volume  = {91},
  number  = {1},
  pages   = {31},
  year    = {1991}
}

@article{hochreiter1997long,
  title   = {Long Short-term Memory},
  author  = {Hochreiter, S},
  journal = {Neural Computation MIT-Press},
  year    = {1997}
}

@article{cho2014learning,
  title   = {Learning phrase representations using RNN encoder-decoder for statistical machine translation},
  author  = {Cho, Kyunghyun and Van Merri{\"e}nboer, Bart and Gulcehre, Caglar and Bahdanau, Dzmitry and Bougares, Fethi and Schwenk, Holger and Bengio, Yoshua},
  journal = {arXiv preprint arXiv:1406.1078},
  year    = {2014}
}

@article{batty2012smart,
  title     = {Smart cities of the future},
  author    = {Batty, Michael and Axhausen, Kay W and Giannotti, Fosca and Pozdnoukhov, Alexei and Bazzani, Armando and Wachowicz, Monica and Ouzounis, Georgios and Portugali, Yuval},
  journal   = {The European Physical Journal Special Topics},
  volume    = {214},
  pages     = {481--518},
  year      = {2012},
  publisher = {Springer}
}

@article{zaharia2016apache,
  title     = {Apache spark: a unified engine for big data processing},
  author    = {Zaharia, Matei and Xin, Reynold S and Wendell, Patrick and Das, Tathagata and Armbrust, Michael and Dave, Ankur and Meng, Xiangrui and Rosen, Josh and Venkataraman, Shivaram and Franklin, Michael J and others},
  journal   = {Communications of the ACM},
  volume    = {59},
  number    = {11},
  pages     = {56--65},
  year      = {2016},
  publisher = {ACM New York, NY, USA}
}

@inproceedings{wang2016trajectory,
  title        = {Trajectory prediction in campus based on Markov chains},
  author       = {Wang, Bonan and Hu, Yihong and Shou, Guochu and Guo, Zhigang},
  booktitle    = {Big Data Computing and Communications: Second International Conference, BigCom 2016, Shenyang, China, July 29-31, 2016. Proceedings 2},
  pages        = {145--154},
  year         = {2016},
  organization = {Springer}
}

@article{jiang2022vehicle,
  title     = {Vehicle trajectory prediction considering driver uncertainty and vehicle dynamics based on dynamic bayesian network},
  author    = {Jiang, Yuande and Zhu, Bing and Yang, Shun and Zhao, Jian and Deng, Weiwen},
  journal   = {IEEE Transactions on Systems, Man, and Cybernetics: Systems},
  volume    = {53},
  number    = {2},
  pages     = {689--703},
  year      = {2022},
  publisher = {IEEE}
}

@article{manh2018scene,
  title   = {Scene-lstm: A model for human trajectory prediction},
  author  = {Manh, Huynh and Alaghband, Gita},
  journal = {arXiv preprint arXiv:1808.04018},
  year    = {2018}
}

@inproceedings{altche2017lstm,
  title        = {An LSTM network for highway trajectory prediction},
  author       = {Altch{\'e}, Florent and de La Fortelle, Arnaud},
  booktitle    = {2017 IEEE 20th international conference on intelligent transportation systems (ITSC)},
  pages        = {353--359},
  year         = {2017},
  organization = {IEEE}
}

@mastersthesis{casimiro2019movilidad,
  author  = {Roger Casimiro Martínez},
  title   = {Análisis de movilidad humana a través de datos de telefonía},
  school  = {Universidad Tecnológica de La Habana "José Antonio Echeverría"},
  year    = {2019},
  month   = {5},
  type    = {Trabajo de Diploma},
  address = {Facultad de Automática y Biomédica},
  advisor = {Dr. Alejandro Lage Castellanos}
}

@mastersthesis{padron2021transporte,
  author       = {Luis M. Padrón Ramos},
  title        = {Planificación, Economía y Operación del Transporte Urbano y Metropolitano},
  school       = {Universidad Pablo de Olavide},
  year         = {2021},
  month        = {10},
  type         = {Máster en Planificación, Economía y Operación del Transporte Urbano y Metropolitano (VII Edición)},
  address      = {La Habana},
  advisor      = {Alfredo García Hernández-Díaz, Alejandro Lage-Castellanos},
  academicyear = {2020/2021}
}

@bachelorsthesis{castro2023movilidad,
  author  = {Alejandro Castro Cabrera},
  title   = {Movilidad y COVID-19 en La Habana: los límites de la predictibilidad},
  school  = {Facultad de Física, Universidad de La Habana},
  year    = {2023},
  type    = {Tesis de Licenciatura en Física},
  advisor = {Dr. Alejandro Lage Castellanos, Dr. Ernesto Ortega Díaz}
}

@phdthesis{ortega2022modelacion,
  author      = {Ernesto Ortega Díaz},
  title       = {Modelación física, matemática y computacional de epidemias: COVID-19},
  school      = {Facultad de Física, Universidad de La Habana},
  year        = {2022},
  type        = {Tesis Doctoral en Ciencias Físicas},
  advisor     = {Dr. Alejandro Lage Castellanos},
  institution = {Centro de Sistemas Complejos},
  address     = {Ciudad de La Habana}
}

@article{aktay2020google,
  title   = {Google COVID-19 community mobility reports: anonymization process description (version 1.1)},
  author  = {Aktay, Ahmet and Bavadekar, Shailesh and Cossoul, Gwen and Davis, John and Desfontaines, Damien and Fabrikant, Alex and Gabrilovich, Evgeniy and Gadepalli, Krishna and Gipson, Bryant and Guevara, Miguel and others},
  journal = {arXiv preprint arXiv:2004.04145},
  year    = {2020}
}

@article{sulyok2020community,
  title     = {Community movement and COVID-19: a global study using Google's Community Mobility Reports},
  author    = {Sulyok, Mihaly and Walker, Mark},
  journal   = {Epidemiology \& Infection},
  volume    = {148},
  pages     = {e284},
  year      = {2020},
  publisher = {Cambridge University Press}
}

@article{saha2020lockdown,
  title     = {Lockdown for COVID-19 and its impact on community mobility in India: An analysis of the COVID-19 Community Mobility Reports, 2020},
  author    = {Saha, Jay and Barman, Bikash and Chouhan, Pradip},
  journal   = {Children and youth services review},
  volume    = {116},
  pages     = {105160},
  year      = {2020},
  publisher = {Elsevier}
}

@article{nanda2022community,
  title     = {Community mobility and COVID-19 dynamics in Jakarta, Indonesia},
  author    = {Nanda, Ratih Oktri and Nursetyo, Aldilas Achmad and Ramadona, Aditya Lia and Imron, Muhammad Ali and Fuad, Anis and Setyawan, Althaf and Ahmad, Riris Andono},
  journal   = {International journal of environmental research and public health},
  volume    = {19},
  number    = {11},
  pages     = {6671},
  year      = {2022},
  publisher = {MDPI}
}

@article{hakim2021mitigation,
  title     = {Mitigation policies, community mobility, and COVID-19 case counts in Australia, Japan, Hong Kong, and Singapore},
  author    = {Hakim, Avi J and Victory, Kerton R and Chevinsky, Jennifer R and Hast, Marisa A and Weikum, D and Kazazian, L and Mirza, S and Bhatkoti, R and Schmitz, MM and Lynch, M and others},
  journal   = {Public Health},
  volume    = {194},
  pages     = {238--244},
  year      = {2021},
  publisher = {Elsevier}
}

@misc{Google2020Mobility,
  author = {Google},
  title  = {COVID-19 Community Mobility Reports},
  year   = 2020,
  url    = {https://www.google.com/covid19/mobility/},
  note   = {Último acceso: 8 de febrero de 2025}
}